<record><leader>00000cas a22000007a 4500</leader><controlfield tag="001">15479741</controlfield><controlfield tag="008">870403d18631865iauwr ne      0    0eng d</controlfield><datafield ind1=" " ind2=" " tag="010"><subfield code="a">sn 87058105 </subfield></datafield><datafield ind1=" " ind2=" " tag="040"><subfield code="a">INP</subfield><subfield code="b">eng</subfield><subfield code="c">INP</subfield><subfield code="d">OCLCQ</subfield></datafield><datafield ind1=" " ind2=" " tag="042"><subfield code="a">msc</subfield></datafield><datafield ind1="0" ind2=" " tag="130"><subfield code="a">Union banner (Bellevue, Iowa)</subfield></datafield><datafield ind1="1" ind2="4" tag="245"><subfield code="a">The Union banner.</subfield></datafield><datafield ind1="1" ind2="3" tag="246"><subfield code="a">Weekly banner</subfield></datafield><datafield ind1=" " ind2=" " tag="260"><subfield code="a">Bellevue, Jackson Co., Iowa :</subfield><subfield code="b">S.D. Helms &amp; D.J. Watkins,</subfield><subfield code="c">1863-</subfield></datafield><datafield ind1=" " ind2=" " tag="310"><subfield code="a">Weekly</subfield></datafield><datafield ind1="0" ind2=" " tag="362"><subfield code="a">Vol. 1, no. 1 (July 14, 1863)-</subfield></datafield><datafield ind1="1" ind2=" " tag="362"><subfield code="a">Ceased in 1865?</subfield></datafield><datafield ind1=" " ind2=" " tag="500"><subfield code="a">Publisher varies.</subfield></datafield><datafield ind1=" " ind2=" " tag="752"><subfield code="a">United States</subfield><subfield code="b">Iowa</subfield><subfield code="c">Jackson</subfield><subfield code="d">Bellevue.</subfield></datafield></record>